@misc{KunPengExaGear,
  title = {{华为动态二进制翻译工具（ExaGear）}},
  author = {{华为技术有限公司}},
  year = {2023},
  url = {https://www.hikunpeng.com/developer/devkit/exagear},
  urldate = {2023-11-23},
  abstract = {将x86传统平台应用指令动态翻译为鲲鹏平台指令并实时运行，实现软件迁移无感知。},
  langid = {chinese},
  file = {/home/xieby1/Zotero/storage/6BDCELDZ/exagear.html}
}